<record><leader>00000cas a22000007a 4500</leader><controlfield tag="001">14407668</controlfield><controlfield tag="008">861017c19589999txudr ne      0    0eng d</controlfield><datafield ind1=" " ind2=" " tag="010"><subfield code="a">sn 86089802 </subfield></datafield><datafield ind1=" " ind2=" " tag="040"><subfield code="a">PPM</subfield><subfield code="b">eng</subfield><subfield code="c">PPM</subfield><subfield code="d">OCLCQ</subfield></datafield><datafield ind1=" " ind2=" " tag="042"><subfield code="a">msc</subfield></datafield><datafield ind1="0" ind2="4" tag="245"><subfield code="a">The Herald-coaster.</subfield></datafield><datafield ind1=" " ind2=" " tag="260"><subfield code="a">Rosenberg, Tex. :</subfield><subfield code="b">Texco Pub. Co.</subfield></datafield><datafield ind1=" " ind2=" " tag="300"><subfield code="a">v. :</subfield><subfield code="b">ill. ;</subfield><subfield code="c">58 cm.</subfield></datafield><datafield ind1=" " ind2=" " tag="310"><subfield code="a">Daily (except Fri. and Sat.)</subfield></datafield><datafield ind1=" " ind2=" " tag="321"><subfield code="a">Semiweekly</subfield></datafield><datafield ind1=" " ind2=" " tag="321"><subfield code="a">Triweekly</subfield></datafield><datafield ind1="1" ind2=" " tag="362"><subfield code="a">Began in 1958.</subfield></datafield><datafield ind1=" " ind2=" " tag="580"><subfield code="a">Absorbed: The Fort Bend reporter.</subfield></datafield><datafield ind1=" " ind2=" " tag="580"><subfield code="a">Formed by the union of: Rosenberg herald, and: Texas coaster.</subfield></datafield><datafield ind1=" " ind2=" " tag="588"><subfield code="a">Description based on: 40th yr., no. ? (June 1, 1972).</subfield></datafield><datafield ind1=" " ind2=" " tag="752"><subfield code="a">United States</subfield><subfield code="b">Texas</subfield><subfield code="c">Fort Bend</subfield><subfield code="d">Rosenberg.</subfield></datafield><datafield ind1="1" ind2="4" tag="780"><subfield code="t">Rosenberg herald</subfield></datafield><datafield ind1="1" ind2="4" tag="780"><subfield code="t">Texas coaster</subfield><subfield code="w">(OCoLC)14236408</subfield></datafield><datafield ind1="1" ind2="5" tag="780"><subfield code="t">Fort Bend reporter</subfield><subfield code="w">(OCoLC)14247522</subfield></datafield></record>